@article{washington1,
	author   = {Vaishnavi Sannidhanam and Muthukaruppan Annamalai},
	title    = {{An} {Analysis} of {Heuristics} in {Othello} },
	date     = {2015},
    url      = {https://courses.cs.washington.edu/courses/cse573/04au/Project/mini1/RUSSIA/Final_Paper.pdf},
}

@article{othellus,
	author   = {Mathias Ganter and Jonas Klink},
	title    = {{An} {Analysis} of {Heuristics} in {Othello} },
	date     = {2015},
    url      = {https://courses.cs.washington.edu/courses/cse573/04au/Project/mini1/O-Thell-Us/Othellus.pdf},
}
@article{paradigms,
	author   = {Peter Norvig},
	title    = {A {New} {Experience}: {O-Thell-Us} -- {An} {AI} {Project}},
	date     = {1992},
}
@online{yuli,
	title        = {Mini-Othello},
    author       = {Yunpeng Li and Dobo Radichkov},
	date         = {2003},
	urldate      = {2016-03-07},
	url          = {http://www.cs.cornell.edu/~yuli/othello/othello.html},
}
@online{reversistrategy,
    title = {
Strategy Guide for Reversi \& Reversed Reversi},
    url   = {https://www.samsoft.org.uk/reversi/strategy.htm},
	date  = {2011},
}
@book{russellnorvig,
	author ={Stuart Russell and Peter Norvig },
	title  ={{Artificial} {Intelligence}: {A} {Modern} {Approach}},
	date   ={1995}
}
@book{CaseStudy,
	author ={Peter Norvig},
	title ={Paradigms of Artificial Intelligence Programming: Case Studies in Common Lisp},
	date ={1991}
}
